@article{tarjan:storing_sparse_table,
  title={Storing a sparse table},
  author={Tarjan, Robert Endre and Yao, Andrew Chi-Chih},
  journal={Communications of the ACM},
  volume={22},
  number={11},
  pages={606--611},
  year={1979},
  publisher={ACM}
}